<?xml version="1.0" encoding="UTF-8"?><collection xmlns="http://www.loc.gov/MARC21/slim"><record><leader>00419nam--2200133-i-4500</leader><controlfield tag="001">000034563</controlfield><controlfield tag="002">20161230</controlfield><controlfield tag="005">20161230201040</controlfield><controlfield tag="008">060222s1000------------r-----000-0-eng-d</controlfield><datafield ind1=" " ind2=" " tag="100"><subfield code="a">Nevo, Vrjo And Simula, Olli</subfield></datafield><datafield ind1=" " ind2=" " tag="245"><subfield code="a">A modified continued fractiion expansion with lower coeficient sensitivity for realizing digital filters</subfield></datafield><datafield ind1=" " ind2=" " tag="260"><subfield code="a">Otaniemi, Helsinki, 1974</subfield></datafield><datafield ind1=" " ind2=" " tag="490"><subfield code="a">Department Of Technical Ph</subfield></datafield><datafield ind1=" " ind2=" " tag="852"><subfield code="a">8095</subfield></datafield></record></collection>